@article{astropy,
	Adsnote = {Provided by the SAO/NASA Astrophysics Data System},
	Adsurl = {http://adsabs.harvard.edu/abs/2013A%26A...558A..33A},
	Author = {{Astropy Collaboration} and {Robitaille}, T.~P. and {Tollerud}, E.~J. and {Greenfield et al.}, P.},
	Doi = {10.1051/0004-6361/201322068},
	Eid = {A33},
	Journal = {\aap},
	Keywords = {methods: data analysis, methods: miscellaneous, virtual observatory tools},
	Month = oct,
	Pages = {A33},
	Title = {{Astropy: A community Python package for astronomy}},
	Volume = 558,
	Year = 2013,
}


@article{2012AandA...541A...5H,
	Adsnote = {Provided by the SAO/NASA Astrophysics Data System},
	Adsurl = {http://adsabs.harvard.edu/abs/2012A%26A...541A...5H},
	Archiveprefix = {arXiv},
	Author = {{H.~E.~S.~S.~Collaboration} and {Abramowski}, A. and {Acero}, F. and {Aharonian}, F. and {Akhperjanian}, A.~G. and {Anton}, G. and {Balzer}, A. and {Barnacka}, A. and {Becherini}, Y. and {Becker}, J. and {Bernl{\"o}h}, K. and {Birsin}, E. and {Biteau}, J. and {Bochow}, A. and {Boisson}, C. and {Bolmont}, J. and {Bordas}, P. and {Brucker}, J. and {Brun}, F. and {Brun}, P. and {Bulik}, T. and {B{\"u}sching}, I. and {Carrigan}, S. and {Casanova}, S. and {Cerruti}, M. and {Chadwick}, P.~M. and {Charbonnier}, A. and {Chaves}, R.~C.~G. and {Cheesebrough}, A. and {Cologna}, G. and {Conrad}, J. and {Dalton}, M. and {Daniel}, M.~K. and {Davids}, I.~D. and {Degrange}, B. and {Deil}, C. and {Dickinson}, H.~J. and {Djannati-Ata{\"\i}}, A. and {Domainko}, W. and {Drury}, L.~O. and {Dubus}, G. and {Dutson}, K. and {Dyks}, J. and {Dyrda}, M. and {Egberts}, K. and {Eger}, P. and {Espigat}, P. and {Fallon}, L. and {Fegan}, S. and {Feinstein}, F. and {Fernandes}, M.~V. and {Fiasson}, A. and {Fontaine}, G. and {F{\"o}rster}, A. and {F{\"u}{\ss}ling}, M. and {Gallant}, Y.~A. and {Gast}, H. and {G{\'e}rard}, L. and {Gerbig}, D. and {Giebels}, B. and {Glicenstein}, J.~F. and {Gl{\"u}ck}, B. and {G{\"o}ring}, D. and {H{\"a}ffner}, S. and {Hague}, J.~D. and {Hahn}, J. and {Hampf}, D. and {Harris}, J. and {Hauser}, M. and {Heinz}, S. and {Heinzelmann}, G. and {Henri}, G. and {Hermann}, G. and {Hillert}, A. and {Hinton}, J.~A. and {Hofmann}, W. and {Hofverberg}, P. and {Holler}, M. and {Horns}, D. and {Jacholkowska}, A. and {de Jager}, O.~C. and {Jahn}, C. and {Jamrozy}, M. and {Jung}, I. and {Kastendieck}, M.~A. and {Katarzy{\'n}ski}, K. and {Katz}, U. and {Kaufmann}, S. and {Keogh}, D. and {Kh{\'e}lifi}, B. and {Klochkov}, D. and {Klu{\.z}niak}, D. and {Kneiske}, T. and {Komin}, N. and {Kosack}, K. and {Kossakowski}, R. and {Krayzel}, F. and {Laffon}, H. and {Lamanna}, G. and {Lenain}, J.-P. and {Lennarz}, D. and {Lohse}, T. and {Lopatin}, A. and {Lu}, C.-C. and {Marandon}, V. and {Marcowith}, A. and {Masbou}, J. and {Maxted}, N. and {Mayer}, M. and {McComb}, T.~J.~L. and {Medina}, M.~C. and {M{\'e}hault}, J. and {Moderski}, R. and {Mohamed}, M. and {Moulin}, E. and {Naumann}, C.~L. and {Naumann-Godo}, M. and {de Naurois}, M. and {Nedbal}, D. and {Nekrassov}, D. and {Nguyen}, N. and {Nicholas}, B. and {Niemiec}, J. and {Nolan}, S.~J. and {Ohm}, S. and {de O{\~n}a Wilhelmi}, E. and {Opitz}, B. and {Ostrowski}, M. and {Oya}, I. and {Panter}, M. and {Paz Arribas}, M. and {Pekeur}, N.~W. and {Pelletier}, G. and {Perez}, J. and {Petrucci}, P.-O. and {Peyaud}, B. and {Pita}, S. and {P{\"u}hlhofer}, G. and {Punch}, M. and {Quirrenbach}, A. and {Raue}, M. and {Rayner}, S.~M. and {Reimer}, A. and {Reimer}, O. and {Renaud}, M. and {de los Reyes}, R. and {Rieger}, F. and {Ripken}, J. and {Rob}, L. and {Rosier-Lees}, S. and {Rowell}, G. and {Rudak}, B. and {Rulten}, C.~B. and {Sahakian}, V. and {Sanchez}, D.~A. and {Santangelo}, A. and {Schlickeiser}, R. and {Schulz}, A. and {Schwanke}, U. and {Schwarzburg}, S. and {Schwemmer}, S. and {Sheidaei}, F. and {Skilton}, J.~L. and {Sol}, H. and {Spengler}, G. and {Stawarz}, {\L}. and {Steenkamp}, R. and {Stegmann}, C. and {Stinzing}, F. and {Stycz}, K. and {Sushch}, I. and {Szostek}, A. and {Tavernet}, J.-P. and {Terrier}, R. and {Tluczykont}, M. and {Valerius}, K. and {van Eldik}, C. and {Vasileiadis}, G. and {Venter}, C. and {Viana}, A. and {Vincent}, P. and {V{\"o}lk}, H.~J. and {Volpe}, F. and {Vorobiov}, S. and {Vorster}, M. and {Wagner}, S.~J. and {Ward}, M. and {White}, R. and {Wierzcholska}, A. and {Zacharias}, M. and {Zajczyk}, A. and {Zdziarski}, A.~A. and {Zech}, A. and {Zechlin}, H.-S.},
	Doi = {10.1051/0004-6361/201218843},
	Eid = {A5},
	Eprint = {1203.3215},
	Journal = {\aap},
	Keywords = {gamma rays: stars, ISM: individual objects: SNRG284.3-1.8, ISM: individual objects: 1FGL J1018.6-5856, ISM: individual objects: PSRJ1016-5857},
	Month = may,
	Pages = {A5},
	Primaryclass = {astro-ph.HE},
	Title = {{Discovery of VHE emission towards the Carina arm region with the H.E.S.S. telescope array: HESS J1018-589}},
	Volume = 541,
	Year = 2012,
}


@inproceedings{brefsdal-proc-scipy-2011,
	Author = {Brian Refsdal and Stephen Doe and Dan Nguyen and Aneta Siemiginowska},
	Booktitle = {10th SciPy Conference},
	Pages = {4 - 10},
	Title = {Fitting and Estimating Parameter Confidence Limits with Sherpa},
	Year = {2011},
}


@inproceedings{SciPyProceedings_51,
	Author = {Brian L. Refsdal and Stephen M. Doe and Dan T. Nguyen and Aneta L. Siemiginowska and Nina R. Bonaventura and Douglas Burke and Ian N. Evans and Janet D. Evans and Antonella Fruscione and Elizabeth C. Galle and John C. Houck and Margarita Karovska and Nicholas P. Lee and Michael A. Nowak},
	Booktitle = {8th SciPy Conference},
	Pages = {51 - 57},
	Read = {1},
	Title = {Sherpa: 1D/2D modeling and fitting in Python},
	Year = {2009}}
}



@article{2013arXiv1307.5560K,
	Adsnote = {Provided by the SAO/NASA Astrophysics Data System},
	Adsurl = {http://adsabs.harvard.edu/abs/2013arXiv1307.5560K},
	Archiveprefix = {arXiv},
	Author = {{Kn{\"o}dlseder}, J. and {Mayer}, M. and {Deil}, C. and {Schulz}, A. and {Grondin}, M.-H. and {Martin}, P. and {Brau-Nogu{\'e}}, S. and {CTA Consortium}, f.~t.},
	Eprint = {1307.5560},
	Journal = {ArXiv e-prints},
	Keywords = {Astrophysics - Instrumentation and Methods for Astrophysics, Astrophysics - High Energy Astrophysical Phenomena},
	Month = jul,
	Primaryclass = {astro-ph.IM},
	Title = {{Towards a common analysis framework for gamma-ray astronomy}},
	Year = 2013,
}


@article{Moralejo:2009,
	Abstract = {With the commissioning of the second MAGIC gamma-ray Cherenkov telescope situated close to MAGIC-I, the standard analysis package of the MAGIC collaboration, MARS, has been upgraded in order to perform the stereoscopic reconstruction of the detected atmospheric showers. MARS is a ROOT-based code written in C++, which includes all the necessary algorithms to transform the raw data recorded by the telescopes into information about the physics parameters of the observed targets. An overview of the methods for extracting the basic shower parameters is presented, together with a description of the tools used in the background discrimination and in the estimation of the gamma-ray source spectra.},
	Adsnote = {Provided by the SAO/NASA Astrophysics Data System},
	Adsurl = {http://adsabs.harvard.edu/abs/2009arXiv0907.0943M},
	Archiveprefix = {arXiv},
	Author = {{Moralejo et al. for the MAGIC collaboration}, A.},
	Eprint = {0907.0943},
	Journal = {ArXiv e-prints},
	Keywords = {Astrophysics - Instrumentation and Methods for Astrophysics, Astrophysics - High Energy Astrophysical Phenomena},
	Month = jul,
	Primaryclass = {astro-ph.IM},
	Title = {{MARS, the MAGIC Analysis and Reconstruction Software}},
	Year = 2009,
}


@article{2009CoPhC.180.2499A,
	Adsnote = {Provided by the SAO/NASA Astrophysics Data System},
	Adsurl = {http://adsabs.harvard.edu/abs/2009CoPhC.180.2499A},
	Author = {{Antcheva et al.}, I.},
	Doi = {10.1016/j.cpc.2009.08.005},
	Journal = {Computer Physics Communications},
	Keywords = {GENERAL, Instruments, apparatus, and components common to several branches of physics and astronomy, Statistical physics, thermodynamics, and nonlinear dynamical systems},
	Month = dec,
	Pages = {2499-2512},
	Title = {{ROOT -- A C++ framework for petabyte data storage, statistical analysis and visualization}},
	Volume = 180,
	Year = 2009,
}


@article{Owen2015,
	Adsnote = {Provided by the SAO/NASA Astrophysics Data System},
	Adsurl = {http://adsabs.harvard.edu/abs/2015arXiv150602319O},
	Archiveprefix = {arXiv},
	Author = {{Owen et al.}, E.},
	Eprint = {1506.02319},
	Journal = {{PoS(SciNeGHE2014)}},
	Volume = {34},
	Keywords = {Gammapy, Fermi, Diffuse},
	Month = jun,
	Primaryclass = {astro-ph.HE},
	Title = {{The gamma-ray Milky Way above 10 GeV: Distinguishing Sources from Diffuse Emission}},
	Year = 2015,
}


@INPROCEEDINGS{pyfact,
   author = {{Raue}, M. and {Deil}, C.},
    title = "{PyFACT: Python and FITS analysis for Cherenkov telescopes}",
booktitle = {American Institute of Physics Conference Series},
     year = 2012,
   series = {American Institute of Physics Conference Series},
   volume = 1505,
   editor = {{Aharonian}, F.~A. and {Hofmann}, W. and {Rieger}, F.~M.},
    month = dec,
    pages = {789-792},
      doi = {10.1063/1.4772378},
   adsurl = {http://adsabs.harvard.edu/abs/2012AIPC.1505..789R},
  adsnote = {Provided by the SAO/NASA Astrophysics Data System}
}



@INPROCEEDINGS{Refsdal2009,
  author = {{Refsdal et al.}, B.},
  title =  {Sherpa: 1D/2D modeling and fitting in Python},
  booktitle = {Proceedings of the 8th Python in Science Conference},
  pages = {51 - 57},
  address = {Pasadena, CA USA},
  year = {2009},
  howpublished = {\url{http://conference.scipy.org/proceedings/SciPy2009/paper_8}}
}

@inproceedings{cta-obsaccess,
Author = {{Kn\"odlseder al. for the CTA consortium}, J.},
Booktitle = {\textit{these proceedings}},
Title = {{Observer Access to the Cherenkov Telescope Array}},
Year = 2015,
}


@inproceedings{Deil2015,
Author = {{Deil et al. for the H.E.S.S. collaboration}, C.},
Booktitle = {\textit{these proceedings}},
Title = {{The {H.E.S.S.} Galactic plane survey}},
Year = 2015,
}

@inproceedings{Puehlhofer2015,
Author = {{P\"uhlhofer et al., for the H.E.S.S. collaboration}, G.},
Booktitle = {\textit{these proceedings}},
Title = {{Search for new supernova remnant shells in the Galactic plane with {H.E.S.S.}}},
Year = 2015,
}

@inproceedings{DeilHost2015,
Author = {{Deil et al. for the H.E.S.S. collaboration}, C.},
Booktitle = {\textit{these proceedings}},
Title = {{H.E.S.S.} data analysis with open source science tools},
Year = 2015,
}

# https://indico.cern.ch/event/344485/session/140/contribution/1270
@inproceedings{Naima2015,
Author = {{Zabalza}, V.},
Booktitle = {\textit{these proceedings}},
Title = {{Naima: a Python package for inference of particle distribution properties from nonthermal spectra}},
Year = 2015,
}

# https://indico.cern.ch/event/344485/session/142/contribution/1341
@inproceedings{Lauer2015,
Author = {{Lauer et al.}, R.},
Booktitle = {\textit{these proceedings}},
Title = {{The Multi-Mission Maximum Likelihood framework}},
Year = 2015,
}

@article{2015arXiv150703989M,
	Adsnote = {Provided by the SAO/NASA Astrophysics Data System},
	Adsurl = {http://adsabs.harvard.edu/abs/2015arXiv150703989M},
	Archiveprefix = {arXiv},
	Author = {{Momcheva}, I. and {Tollerud}, E.},
	Eprint = {1507.03989},
	Journal = {ArXiv e-prints},
	Keywords = {Astrophysics - Instrumentation and Methods for Astrophysics},
	Month = jul,
	Primaryclass = {astro-ph.IM},
	Title = {{Software Use in Astronomy: an Informal Survey}},
	Year = 2015,
}
