gammapy-icrc2017.bib